@book{kiss2004,
    title = {The Syntax of Hungarian},
    author = {Katalin \'E. Kiss},
    isbn = {0-511-03327-3},
    series = {Cambridge Syntax Guides},
    year = {2004},
    publisher = {Cambridge University Press}
}

@online{okuna,
    author = {Matt Pearson},
    title = {The Okuna Reference Grammar (version 3)},
    url  = {http://pearson.conlang.org/download/okuna_gram_cur.pdf},
    urldate = {2019-07-05},
}

@Book{schackow2015,
     author = {Diana Schackow},
     title = {A grammar of Yakkha},
     publisher = {Language Science Press},
     year = {2015},
     address = {Berlin},
     isbn = {9783946234111},
     url = {https://langsci-press.org/catalog/book/66}
 }

 @Book{schachter1983,
  author = {Paul Schachter and Fe Otanes},
  title = {Tagalog Reference Grammar},
  publisher = {University of California Press},
  year = {1983},
  address = {Berkeley},
  isbn = {9780520049437}
  }

  @book{Mathiassen-1997,
  address    = {Columbus, Ohio},
  author     = {Mathiassen, Terje},
  publisher  = {Slavica Publishers},
  title      = {A Short Grammar of Latvian},
  year       = {1997},

}
