@book{kiss2004,
    title = {The syntax of Hungarian},
    author = {Katalin \'E. Kiss},
    series = {Cambridge syntax guides},
    year = {2004},
    publisher = {Cambridge University Press}
}

@online{okuna,
    author = {Matt Pearson},
    title = {The Okuna reference grammar (version 3)},
    url  = {http://pearson.conlang.org/download/okuna_gram_cur.pdf},
    year = {2013}    
}

@book{schackow2015,
    author = {Diana {Schackow}},
    title = {A grammar of Yakkha},
    publisher = {Language Science Press},
    year = {2015},
    address = {Berlin},
    url = {https://langsci-press.org/catalog/book/66}
}

@online{posthumus2006,
    author = {Martin {Posthummus}},
    title = {A grammar of the Novegradian language},
    year = {2006},
    url = {https://www.veche.net/novegradian},
}

@mastersthesis{rodionova2001,
    author = {Elena V. {Rodionova}},
    title = {Word order and information structure in Russian syntax},
    school = {University of North Dakota},
    year = {2001},
    month = {December}
}

@book{comrie1976,
    author = {Bernard {Comrie}},
    title = {Aspect: an introduction to the study of verbal aspect and related problems},
    year = {1976},
    publisher = {Cambridge University Press}
}

@book{dahl1985,
    author = {Östen {Dahl}},
    title = {Tense and aspect systems},
    year = {1985},
    publisher = {Basil Blackwell Ltd.},
    address = {Oxford}
}

@book{schachter1983,
    author = {Paul {Schachter} and Fe {Otanes}},
    title = {Tagalog reference grammar},
    publisher = {University of California Press},
    year = {1983},
    address = {Berkeley},
}

@book{mathiassen997,
    address    = {Columbus, Ohio},
    author     = {Terje {Mathiassen}},
    publisher  = {Slavica Publishers},
    title      = {A short grammar of Latvian},
    year       = {1997},
}

@article{jovanovic2004,
    author = {Vladimir Ž. {Jovanović}},
    title = {The Form, position and meaning of interjections in English},
    journal = {Facta Universitatis},
    series = {Linguistics and literature},
    year ={2004},
    volume = {3},
    number = {1},
    pages = {17--28},
    address = {Niš, Serbia}
}

@article{clarkgerrig,
    author = {Herbert H. {Clark} and Richard J. {Gerrig}},
    title = {Quotations as demonstrations},
    journal = {Language},
    year ={1990},
    volume = {66},
    number = {4},
    pages = {764--805}
}

@incollection{lawtagalog,
    author = {Paul Law},
    booktitle = {Austronesian and theoretical lingustics},
    title = {The impersonal construction in Tagalog},
    editor = {Raphael {Mercado} and Eric {Potsdam} and Lisa deMena {Travis}},
    publisher = {John Benjamins Publishing Company},
    year = {2010},
    address = {Amsterdam}
}

@incollection{poplacketal,
    author = {Shana {Poplack} and others},
    booktitle = {Manuals in linguistics: Romance sociolinguistics},
    title = {Variation and grammaticalization in Romance: a cross-linguistic study of the subjunctive},
    editor = {Wendy {Ayres-Bennett} and {Janice Carruthers}},
    publisher = {De Gruyter},
    year = {2018},
    pages = {217--252},
    address = {Amsterdam}
}

@book{payne1997,
    author = {Thomas {Payne}},
    title = {Describing morphosyntax: a guide for field linguists},
    publisher = {Cambridge University Press},
    year = {1997},
    address = {Cambridge},
}

@book{sussex2006,
    author = {Roland {Sussex} and Paul {Cubberley}},
    title = {The Slavic languages},
    publisher = {Cambridge University Press},
    year = {2006},
    address = {Cambridge},
}

@book{siptar2000,
    author = {Péter {Siptár} and Miklós {Törkenczy}},
    title = {The phonology of Hungarian},
    publisher = {Oxford University Press},
    year = {2000},
    address = {Oxford},
}

@book{velupillai2012,
    author = {Viveka {Velupillai}},
    title = {An introduction to linguistic typology},
    publisher = {John Benjamins Publishing Company},
    year = {2012},
    address = {Amsterdam},
}

@book{timberlake2004,
    author = {Alan {Timberlake}},
    title = {A reference grammar of Russian},
    publisher = {Cambridge University Press},
    year = {2004},
    address = {Cambridge}
}

@book{dedaic2010,
    editor = {Mirjana {Dedaić} and Mirjana {Mišković-Luković}},
    title = {South Slavic discourse particles},
    publisher = {John Benjamins Publishing Company},
    year = {2010},
    address = {Amsterdam},
}

@book{mecayapan2007,
    author = {Carl {Wolgemuth}},
    translator = {Christopher S. Mackay},
    title = {Nahuatl grammar of the townships of Mecayapan and Tatahuicapan de Juárez, Veracruz},
    year = {2007},
    publisher = {Instituto Lingüístico de Verano}
}


@article{ameka1992,
    author = {Felix {Ameka}},
    title = {Interjections: the universal yet neglected part of speech},
    journal = {Journal of Pragmatics},
    year ={1992},
    volume = {18},
    pages = {101--118},
    address = {Netherlands}
}

@online{sil,
    title        = {SIL Glossary of Linguistic Terms},
    organization = {SIL International},
    date         = {2020},
    urldate      = {2020-04-11},
    url          = {https://glossary.sil.org}
}

@article{alberti2014,
    author = {Gábor {Alberti} and Mónika {Dóla} and Judit {Kleiber}},
    title = {Mood and modality in Hungarian},
    journal = {Argumentum},
    url = {http://argumentum.unideb.hu/2014-anyagok/angol_kotet/albertig.pdf},
    year = {2014},
    pages = {172--191},
    volume = {10}
}

@inproceedings{kim1996,
    title = {Internally headed relative clause constructions in {K}orean},
    author = {Yong-Beom {Kim}},
    booktitle = {Proceedings of the 11th Pacific Asia conference on language, information and computation},
    month = {12},
    year = {1996},
    address = {Seoul, Korea},
    publisher = {Kyung Hee University},
    url = {https://www.aclweb.org/anthology/Y96-1042},
    doi = {2065/12051},
    pages = {403--413}
}

@phdthesis{latrouite2011,
    author       = {Anja Latrouite},
    title        = {Voice and case in Tagalog: the coding of prominence and orientation},
    school       = {University of Düsseldorf},
    year         = 2011,
    address      = {Düsseldorf},
    month        = 1,
    url          = {https://docserv.uni-duesseldorf.de/servlets/DerivateServlet/Derivate-34797/Dissertation%20Voice%20and%20Case%20in%20Tagalog2.pdf}
}

@article{haiman1983,
    URL = {http://www.jstor.org/stable/413373},
    author = {John {Haiman}},
    journal = {Language},
    number = {4},
    pages = {781--819},
    publisher = {Linguistic Society of America},
    title = {Iconic and economic motivation},
    volume = {59},
    year = {1983}
}

@inproceedings{matsumoto1998,
    author       = {Yo {Matsumoto}},
    booktitle    = {The proceedings of the LFG '98 Conference},
    editor       = {Miriam {Butt} and Tracey Holloway {King}},
    publisher    = {CSLI Publications},
    title        = {A reexamination of the cross-linguistic parameterization of causative predicates: Japanese perspectives},
    date         = {1998},
    venue        = {University of Queenland, Brisbane},
    location     = {Brisbane},
}

@phdthesis{kroeger1991,
    title        = {Phrase structure and grammatical relations in Tagalog},
    author       = {Paul Kroeger},
    school       = {Stanford University},
    year         = 1991,
    address      = {Stanford, Calif.},
    month        = 8,
    url          = {https://www.diu.edu/wp-content/uploads/paul_kroeger/PK-thesis-revised-all-chapters-readonly.pdf}

}

@book{shibatani1990,
    address    = {Cambridge},
    author     = {{Shibatani}, Masayoshi},
    publisher  = {Cambridge University Press},
    series     = {Cambridge Language Surveys},
    title      = {The languages of Japan},
    year       = {1990}
}

@incollection{lehmann2006,
    author = {Christian {Lehmann}},
    booktitle = {Voice and grammatical relations},
    title = {Participant roles, thematic roles and syntactic relations},
    editor = {Tasaku {Tsunoda} and Taro {Kageyama}},
    publisher = {John Benjamins Publishing Company},
    series = {Studies in Language},
    year = {2006},
    address = {Amsterdam}
}

@book{blake2004,
    address    = {Cambridge},
    author     = {Barry J. {Blake}},
    publisher  = {Cambridge University Press},
    series     = {Cambridge Textbooks in Linguistics},
    title      = {Case},
    year       = {2004}
}

@book{gussmann2007,
    address    = {Oxford},
    author     = {Edmund {Gussmann}},
    publisher  = {Oxford University Press},
    series     = {The phonology of the world's languages},
    title      = {The phonology of Polish},
    year       = {2007}
}

@inproceedings{serekaite2020,
    author       = {Milena Šereikait\.e},
    booktitle    = {The 94th Conference of the Lingustic Society of America},
    title        = {Case properties of Lithuanian complex event nominalizations},
    date         = {2020}
}

@book{lieber2004,
    address    = {Cambridge},
    author     = {Rochelle {Lieber}},
    publisher  = {Cambridge University Press},
    series     = {Cambridge studies in lingustics},
    title      = {Morphology and sexical semantics},
    year       = {2004}
}

@book{tesniere1965,
    author = {Lucien Tesnière},
    translator = {Timothy {John} and Sylvain {Kahane}},
    title = {The elements of structural syntax},
    year = {1965},
    publisher = {John Benjamins B.V.},
    address = {Amsterdam},
    note = {Translation published under a cc-by-nc-nd license in 2015.}
}
@book{tesniere1959,
    author = {Lucien Tesnière},
    language ={French},
    title = {\'Eléments de syntaxe structurale},
    year = {1959},
    publisher = {Klincksieck},
    address = {Paris},
}

@book{matthews1997,
    author = {Peter H. {Matthews}},
    title = {The concise Oxford dictionary of linguistics},
    address = {Oxford},
    publisher = {Oxford University Press},
    year = 1997,
}

@book{trask1993,
    author = {Lawrence {Trask}},
    title = {Dictionary of grammatical terms in linguistics},
    address = {London},
    publisher = {Routledge},
    year = 1993
}

@book{herbst2007,
    editor = {Thomas {Herbst} and Katrin {Götz-Votteler}},
    title = {Valency},
    subtitle = {Theoretical, descriptive and cognitive issues},
    year = {2007},
    publisher = {Mouton de Gruyter},
    address = {Berlin},
    series = {Trends in linguistics}
}

@book{mikkelsen2005,
    author = {Line {Mikkelsen}},
    title = {Copular Clauses},
    subtitle = {Specification, prediction and equation},
    year = {2005},
    publisher = {John Benjamins Publishing Company},
    address = {Amsterdam},
    series = {Linguistik aktuell}
}

@book{bennett1907,
    author = {Charles E. {Bennett}},
    title = {New Latin grammar},
    year = {1907},
    publisher = {Norwood Press},
    address = {Norwood, Mass.}
}

@online{posthummus2006,
    author = {Martin {Posthummus}},
    title = {Language contact in the Medieval East Baltic},
    year = 2006,
    url = {https://web.archive.org/web/20200513094916/https://www.veche.net/linguistics/baltic_sprachbund},
    urldate = {2020-05-13},
}

@book{naughton2005,
    author = {James {Naughton}},
    title = {Czech: an essential grammar},
    year = {2005},
    publisher = {Routledge},
    address = {Oxford}
}

@book{hammond2005,
    author = {Lila {Hammond}},
    title = {Serbian: an essential grammar},
    year = {2005},
    publisher = {Routledge},
    address = {Oxford}
}

@book{wiese1996,
    title = {The phonology of German},
    author = {Richard {Wiese}},
    year = {1996},
    publisher = {Oxford University Press},
    address = {Oxford}
}

@book{booij2005,
    title = {The grammar of words},
    subtitle = {An introduction to linguistic typology},
    author = {Geert {Booij}},
    year = {2005},
    publisher = {Oxford University Press},
    address = {Oxford}
}


@book{richardson2007,
    title = {Case and aspect in Slavic},
    author = {Kylie R. {Richardson}},
    year = {2007},
    publisher = {Oxford University Press},
    address = {Oxford}
}

@book{tomic2004,
    title = {Balkan syntax and semantics},
    editor = {Olga Mišeska {Tomić}},
    year = {2004},
    volume = {67},
    series = {Linguistik aktuell},
    publisher = {John Benjamins Publishing Company},
    address = {Amsterdam}
}

@book{perelstvaig,
    title = {Copular sentences in Russian},
    author = {Asya {Perelstvaig}},
    subtitle = {A theory of intra-clausal relations},
    year = {2007},
    publisher = {Springer},
    address = {Amsterdam}
}

@book{fox2005,
    title = {The structure of German},
    author = {Anthony {Fox}},
    year = {2005},
    publisher = {Oxford University Press},
    address = {Oxford}
}

@inproceedings{campos2003,
  author       = {Rebeka {Campos-Astorkiza}},
  title        = {Compensatory lengthening as root number preservation},
  date         = {2003},
  booktitle    = {Proceedings of CIL17},
  publisher    = {Matfyzpress},
  location     = {Prague}
}

@incollection{kiparsky2010,
    author = {Paul {Kiparsky}},
    title = {Compensatory lengthening},
    booktitle = {Handbook of the Syllable},
    editor = {Charles E. {Cairns} and Eric {Raimy}},
    publisher = {Brill},
    year = {2010},
    url = {https://web.stanford.edu/~kiparsky/Papers/newyork.syll.pdf}
}

@incollection{wals-14,
  address   = {Leipzig},
  author    = {Rob Goedemans and Harry van der Hulst},
  booktitle = {The world atlas of language structures online},
  editor    = {Matthew S. Dryer and Martin Haspelmath},
  publisher = {Max Planck Institute for Evolutionary Anthropology},
  title     = {Fixed Stress Locations},
  url       = {https://wals.info/chapter/14},
  year      = {2013}
}

@inbook{letuchiy,
    author = {Alexander {Letuchiy}},
    year = {2007},
    month = {01},
    pages = {773-811},
    title = {Reciprocal, reflexive, and sociative in Adyghe},
    doi = {10.1075/tsl.71.25let}
}

@book{blokland,
    title = {The Russian loanwords in literary Estonian},
    author = {Rogier {Blokland}},
    year = {2005},
    publisher = {Harassowitz Verlag},
    address = {Groningen},
    series = {Veröffentlichungen der Societas Uralo-Altaica},
    volume = {78}
}

@book{fortescue,
    title = {West Greenlandic},
    author = {Michael {Fortescue}},
    year = {1984},
    publisher = {Croom Helm},
    address = {Kent},
    series = {Croom Helm Descriptive Grammars},
}

@online{hansonjap,
    author = {Kenneth {Hanson}},
    title = {Politeness and formality in Japanese},
    url  = {https://www.japaneseprofessor.com/lessons/beginning/politeness-and-formality/},
    urldate = {2020-08-24},
    year={2018}
}

@incollection{browngilman,
    title={The pronouns of power and solidarity},
    author={Roger {Brown} and Albert {Gilman}},
    booktitle = {Style in Language},
    editor = {Thomas {Sebeok}},
    publisher = {MIT Press},
    address = {Cambridge, Mass},
    year = {1960},
    pages = {253--76},
}

@incollection{laraport,
    title={The politeness of \foreign{você} in European Portuguese},
    author={Víctor {Lara} and Ana {Guilherme}},
    booktitle = {Studies in Hispanic and Lusophone linguistics},
    year ={2018},
    volume = {11(2)},
    pages = {337--366},
    publisher = {De Gruyter},
}

@article{hummelport,
    title={The diachronic expansion of Portuguese \foreign{vossa mercê > você} and Spanish \foreign{vuestra merced > usted}},
    author={Martin {Hummel}},
    journal = {Working papers em linguística},
    year ={2019},
    volume = {20},
    number = {2},
    address = {Florianópolis, Brazil},
    doi = {10.5007/1984-8420.2019v20n2p24},
}

@book{ganhoport,
    title = {Using Portuguese},
    author = {Ana Sofia {Ganho} and Timothy {McGovern}},
    subtitle = {A guide to contemporary usage},
    year = {2004},
    publisher = {Cambridge University Press},
    address = {Cambridge}
}

@book{mueller2018,
    title = {Grammatical theory},
    author = {Stefan {Müller}},
    subtitle = {From transformational grammar toconstraint-based approaches.},
    year = {2018},
    publisher = {Language Science Press},
    address = {Berlin},
    doi = {10.5281/zenodo.1193241},
}

@incollection{moulton2014,
    author = {Keir {Moulton}},
    title = {Simple event nominalizations: roots and their interpretation},
    year = {2014},
    booktitle = {Cross-linguistic investigations of nominalization patterns},
    publisher = {John Benjamins Publishing Company},
    editor = {Ileana Paul},    
}

@inproceedings{alexiadou2008,
    author      ={Artemis {Alexiadou} and Jane {Grimshaw}},
    title       = {Nouns, verbs, and affixation},
    edutor      = {Florian {Schäfer}},
    date        = {2008},
    booktitleaddon   = {Proceedings of SFB 732},
    booktitle   = {Incremental specification in context},
    pages       = {1--16},
}

@book{grimshaw1990,
    author      = {Jane {Grimshaw}},
    year        = {1990},
    title       = {Argument structure},
    publisher   = {MIT Press},
    address     = {Cambridge, Mass.}
}

﻿@article{hsieh2019,
    author={Henrison {Hsieh}},
    title={Distinguishing nouns and verbs},
    journal={Natural Language {\&} Linguistic Theory},
    year={2019},
    month={May},
    day={01},
    volume={37},
    number={2},
    pages={523-569},
    doi={10.1007/s11049-018-9422-3},
}

@article{kaufman2009,
    author = {Daniel {Kaufman}},
    title = {Austronesian nominalism and its consequences: A Tagalog case study},
    year = {2009},
    journal = {Theoretical Linguistics},
    volume = {35},
    pages ={1--49}   
}

@phdthesis{ross1967,
  author  = {John Robert {Ross}},
  title   = {Constraints on variables in syntax},
  school  = {Massachussetts Institute of Technology},
  year    = {1967},
  address = {Cambridge, Mass.},
  month = {September}
}

@article{rudin1988,
    author = {Catherine {Rudin}},
    title = {On multiple questions and multiple \emph{wh}-fronting},
    year = {1988},
    journal = {Natural Language {\&} Linguistic Theory},
    volume = {6},
    pages ={445--501}   
}

@incollection{boskovic2003,
    author = {Željko {Bošković}},
    title = {On \emph{wh}-islands and obligatory \emph{wh}-movement contexts in South Slavic},
    year = {2003},
    booktitle = {Multiple \emph{wh}-fronting},
    publisher = {John Benjamins Publishing Company},
    editor = {Cedric {Boeckx} and Kleanthes K. {Grohmann}},
    series = {Linguistic Aktuell},
    volume = {64},    
}

@book{derksen2008,
    address    = {Leiden},
    author     = {Rick {Derksen}},
    publisher  = {Brill},
    title      = {Etymological dictionary of the Slavic inherited lexicon},
    year       = {2008}
}

@book{lunt2001,
    address    = {Berlin},
    author     = {Horace G. {Lunt}},
    publisher  = {Mouton de Gruyter},
    title      = {Old Church Slavonic grammar},
    year       = {2001}
}

@online{yambao2020,
    author = {Roel Christian {Yambao}},
    title = {Multiple wh-fronting in Iridian: a comparative study},
    year = {2020},
    url = {https://lang.roelchristian.com/blog/2020/multiple-wh-fronting-a-cross-linguistic-analysis},
}

@Book{aikhenvald2004,
 author = {Alexandra Y. {Aikhenvald}},
 title = {Evidentiality},
 publisher = {Oxford University Press},
 year = {2004},
 address = {Oxford New York},
 }


@incollection{friedman,
    author = {Victor A. {Friedman}},
    title = {Evidentiality in the Balkans with specialattention to Macedonian and Albanian},
    crossref = {aikhenvald2001},
    year = {2001},
}

@book{aikhenvald2001,
    title = {Studies in evidentiality},
    editor = {Alexandra Y. {Aikhenvald} and R.M.W. {Dixon}},
    publisher = {John Benjamins Publishing Company},
    year = {2001},
    series ={Typological studies in language},
    volume={54},
    address = {Amsterdam}       
}

@incollection{spronck2012,
    editor = {Isabelle {Buchstaller} and Ingrid {Van Alphen}},
    author = {Stef {Spronck}},
    title = {Minds divided: speaker attitudes in quotatives},
    booktitle = {Quotatives: cross-linguistic and cross-disciplinary perspectives},
    publisher = {John Benjamins Publishing Company},
    year = {2012},
    address = {Amsterdam},
 }

 @book{diewald2010,
 editor = {Gabriele {Diewald} and Elena {Smirnova}},
 title = {Linguistic realization of evidentiality in European languages},
 publisher = {De Gruyter Mouton},
 year = {2010},
 address = {Berlin New York},
}

 @incollection{alcazar2010,
 author = {Asier {Alcázar}},
 editor = {Gabriele {Diewald} and Elena {Smirnova}},
 title = {Information source in Spanish and Basque: a parallel corpus study},
 booktitle = {Linguistic realization of evidentiality in European languages},
 publisher = {De Gruyter Mouton},
 year = {2010},
 address = {Berlin New York},
}

@inproceedings{tomioka2019,
    author = {Satoshi {Tomioka} and Jooyoung {Kim}},
    title = {Bare quotatives as embedded speech acts},
    booktitle = {The Handbook of the 158th Meeting of Linguistic Society of Japan},
    year = {2019},
    pages = {288--294}
}

@inproceedings{tomioka2014,
    author = {Satoshi {Tomioka} and Jooyoung {Kim}},
    title = {Two types of unselected embedded questions},
    booktitle = {Proceedings of the 31st West Coast Conference on FormalLinguistics},
    editor = {Robert E. {Santana-LaBarge}},
    year = {2014},
    pages = {276--284},
    publisher = {Cascadilla Proceedings Project},
    address = {Sommerville, Mass.}
}


@phdthesis{park2015,
    author       = {Yugyeong {Park}},
    title        = {A grammar of mood and clausal adjunction in Korean},
    school       = {University of Delaware},
    year         = {2015},
    address      = {Newark, Del.},
    url          = {https://udspace.udel.edu/bitstream/handle/19716/16999/2015_ParkYugyeong_PhD.pdf;sequence=1}
}

@incollection{park2013,
    author = {Yugyeong {Park}},
    title = {A unified approach to Korean causal connective \emph{-nikka}},
    year = {2013},
    booktitle = {University of Pennsylvania Working Papers in Linguistics},
    volume = {19},
    issue = {1}
}


@phdthesis{ho2012,
    author       = {Jisup {Ho}},
    title        = {Connective polysemy and clause linkage typology in Korean},
    school       = {University of California},
    year         = {2015},
    address      = {Berkeley, Calif.},
    url          = {https://digitalassets.lib.berkeley.edu/etd/ucb/text/Hong_berkeley_0028E_12528.pdf}
}

@book{sweetser,
    author = {Eve Sweetser},
    title = {From etymology to pragmatics},
    subtitle = {Metaphorical and cultural aspects of semantic structure},
    year = {1990},
    address = {Cambridge}
}

@book{aikhenvald2000,
    title = {Changing  valency},
    subtitle = {Case studies intransitivity},
    editor = {Alexandra Y. {Aikhenvald} and R.M.W. {Dixon}},
    publisher = {Cambridge University Press},
    year = {2000},
    address = {Cambridge}       
}

@article{liao2011,
    title={On the development of comitative verbs in Philippine languages},
    author={Hsiu-chuan {Liao}},
    journal = {Language and Linguistics},
    year ={2012},
    volume = {12},
    number = {1},
    pages = {205--237},
    publisher = {SAGE Journals}
}

