@book{kiss2004,
    title = {The Syntax of Hungarian},
    author = {Katalin \'E. Kiss},
    isbn = {0-511-03327-3},
    series = {Cambridge Syntax Guides},
    year = {2004},
    publisher = {Cambridge University Press}
}

@online{okuna,
    author = {Matt Pearson},
    title = {The Okuna Reference Grammar (version 3)},
    url  = {http://pearson.conlang.org/download/okuna_gram_cur.pdf},
    urldate = {2019-07-05},
}

@book{schackow2015,
    author = {Diana {Schackow}},
    title = {A grammar of Yakkha},
    publisher = {Language Science Press},
    year = {2015},
    address = {Berlin},
    isbn = {9783946234111},
    url = {https://langsci-press.org/catalog/book/66}
}

@online{posthumus2006,
    author = {Martin {Posthummus}},
    title = {A Grammar of the Novegradian Language},
    year = {2006},
    url = {https://www.veche.net/novegradian},
}

@mastersthesis{rodionova2001,
    author = {Elena V. {Rodionova}},
    title = {Word Order and Information Structure in Russian Syntax},
    school = {University of North Dakota},
    year = {2001},
    month = {December}
}

@book{comrie1976,
    author = {Bernard {Comrie}},
    title = {Aspect: An Introduction to the Study of Verbal Aspect and Related Problems},
    year = {1976},
    publisher = {Cambridge University Press}
}

@book{dahl1985,
    author = {\"Osten {Dahl}},
    title = {Tense and Aspect Systems},
    year = {1985},
    publisher = {Basil Blackwell Ltd.},
    address = {Oxford}
}

@book{schachter1983,
    author = {Paul {Schachter} and Fe {Otanes}},
    title = {Tagalog Reference Grammar},
    publisher = {University of California Press},
    year = {1983},
    address = {Berkeley},
    isbn = {9780520049437}
}

@book{mathiassen997,
    address    = {Columbus, Ohio},
    author     = {Mathiassen, Terje},
    publisher  = {Slavica Publishers},
    title      = {A Short Grammar of Latvian},
    year       = {1997},
}

@article{jovanovic2004,
    author = {Vladimir Ž. Jovanovi\'c},
    title = {The Form, Position and Meaning of Interjections in English},
    journal = {Facta Universitatis},
    series = {Linguistics and Literature},
    year ={2004},
    volume = {3},
    number = {1},
    pages = {17--28},
    address = {Niš, Serbia}
}

@incollection{lawtagalog,
    author = {Paul Law},
    booktitle = {Austronesian and Theoretical Lingustics},
    title = {The Impersonal Construction in Tagalog},
    editor = {Raphael {Mercado} and Eric {Potsdam} and Lisa deMena {Travis}},
    publisher = {John Benjamins Publishing Company},
    year = {2010},
    address = {Amsterdam}
}

@book{payne1997,
    author = {Thomas {Payne}},
    title = {Describing Morphosyntax: A Guide for Field Linguists},
    publisher = {Cambridge University Press},
    year = {1997},
    address = {Cambridge},
    isbn = {9780521588058},
}

@book{sussex2006,
    author = {Roland {Sussex} and Paul {Cubberley}},
    title = {The Slavic Languages},
    publisher = {Cambridge University Press},
    year = {2006},
    address = {Cambridge},
    isbn = {978-0-521-22315-7}
}

@book{siptar2000,
    author = {Péter {Siptár} and Miklós {T\"orkenczy}},
    title = {The Phonology of Hungarian},
    publisher = {Oxford University Press},
    year = {2000},
    address = {Oxford},
    isbn = {9780198238416}
}

@book{velupillai2012,
    author = {Viveka {Velupillai}},
    title = {An Introduction to Linguistic Typology},
    publisher = {John Benjamins Publishing Company},
    year = {2012},
    address = {Amsterdam},
    isbn = {9789027211989}
}

@book{timberlake2004,
    author = {Alan {Timberlake}},
    title = {A Reference Grammar of Russian},
    publisher = {Cambridge University Press},
    year = {2004},
    address = {Cambridge}
}

@book{dedaic2010,
    editor = {Mirjana {Dedai\'c} and Mirjana {Miškovi\'c-Lukovi\'c}},
    title = {South Slavic Discourse Particles},
    publisher = {John Benjamins Publishing Company},
    year = {2010},
    address = {Amsterdam},
    isbn = {978-90-272-5601-0}
}

@book{mecayapan2007,
    author = {Carl {Wolgemuth}},
    translator = {Christopher S. Mackay},
    title = {Nahuatl Grammar of the Townships of Mecayapan and Tatahuicapan de Juárez, Veracruz},
    year = {2007},
    publisher = {Instituto Ling\"uístico de Verano}
}


@article{ameka1992,
    author = {Felix {Ameka}},
    title = {Interjections: The universal yet neglected part of speech},
    journal = {Journal of Pragmatics},
    year ={1992},
    volume = {18},
    pages = {101--118},
    address = {Netherlands}
}

@online{sil,
    title        = {SIL Glossary of Linguistic Terms},
    organization = {SIL International},
    date         = {2020},
    urldate      = {2020-04-11},
    url          = {https://glossary.sil.org}
}

@article{alberti2014,
    author = {Gábor {Alberti} and Mónika {Dóla} and Judit {Kleiber}},
    title = {Mood and modality in Hungarian},
    journal = {Argumentum},
    url = {http://argumentum.unideb.hu/2014-anyagok/angol_kotet/albertig.pdf},
    year = {2014},
    pages = {172--191},
    volume = {10}
}

@inproceedings{kim1996,
    title = {Internally Headed Relative Clause Constructions in {K}orean},
    author = {Yong-Beom {Kim}},
    booktitle = {Proceedings of the 11th Pacific Asia Conference on Language, Information and Computation},
    month = {dec},
    year = {1996},
    address = {Seoul, Korea},
    publisher = {Kyung Hee University},
    url = {https://www.aclweb.org/anthology/Y96-1042},
    doi = {http://hdl.handle.net/2065/12051},
    pages = {403--413}
}

@phdthesis{latrouite2011,
    author       = {Anja Latrouite},
    title        = {Voice and Case in Tagalog: The coding of prominence and orientation},
    school       = {University of D\"usseldorf},
    year         = 2011,
    address      = {D\"usseldorf},
    month        = 1,
    url          = {https://docserv.uni-duesseldorf.de/servlets/DerivateServlet/Derivate-34797/Dissertation%20Voice%20and%20Case%20in%20Tagalog2.pdf}
}

@article{haiman1983,
    ISSN = {00978507, 15350665},
    URL = {http://www.jstor.org/stable/413373},
    author = {John {Haiman}},
    journal = {Language},
    number = {4},
    pages = {781--819},
    publisher = {Linguistic Society of America},
    title = {Iconic and Economic Motivation},
    volume = {59},
    year = {1983}
}

@inproceedings{matsumoto1998,
    author       = {Yo {Matsumoto}},
    booktitle    = {The Proceedings of the LFG '98 Conference},
    editor       = {Miriam {Butt} and Tracey Holloway {King}},
    publisher    = {CSLI Publications},
    issn         = {1098-6782},
    title        = {A reexamination of the cross-linguistic parameterization of causative predicates: Japanese perspectives},
    date         = {1998},
    venue        = {University of Queenland, Brisbane},
    location     = {Brisbane},
}

@phdthesis{kroeger1991,
    title        = {Phrase Structure and Grammatical Relations in Tagalog},
    author       = {Paul Kroeger},
    school       = {Stanford University},
    year         = 1991,
    address      = {Stanford, California},
    month        = 8,
    url          = {https://www.diu.edu/wp-content/uploads/paul_kroeger/PK-thesis-revised-all-chapters-readonly.pdf}

}

@book{shibatani1990,
    address    = {Cambridge},
    author     = {{Shibatani}, Masayoshi},
    publisher  = {Cambridge University Press},
    series     = {Cambridge Language Surveys},
    title      = {The Languages of Japan},
    year       = {1990}
}

@incollection{lehmann2006,
    author = {Christian {Lehmann}},
    booktitle = {Voice and Grammatical Relations},
    title = {Participant roles, thematic roles and syntactic relations},
    editor = {Tasaku {Tsunoda} and Taro {Kageyama}},
    publisher = {John Benjamins Publishing Company},
    series = {Studies in Language},
    year = {2006},
    address = {Amsterdam}
}

@book{blake2004,
    address    = {Cambridge},
    author     = {Barry J. {Blake}},
    publisher  = {Cambridge University Press},
    series     = {Cambridge Textbooks in Linguistics},
    title      = {Case},
    year       = {2004}
}

@book{gussmann2007,
    address    = {Oxford},
    author     = {Edmund {Gussmann}},
    publisher  = {Oxford University Press},
    series     = {The Phonology of the World's Languages},
    title      = {The Phonology of Polish},
    year       = {2007}
}

@inproceedings{serekaite2020,
    author       = {Milena Šereikait\.e},
    booktitle    = {The 94th Conference of the Lingustic Society of America},
    title        = {Case properties of Lithuanian Complex Event Nominalizations},
    date         = {2020}
}

@book{lieber2004,
    address    = {Cambridge},
    author     = {Rochelle {Lieber}},
    publisher  = {Cambridge University Press},
    series     = {Cambridge Studies in Lingustics},
    title      = {Morphology and Lexical Semantics},
    year       = {2004}
}

@book{tesniere1965,
    author = {Lucien Tesni\`ere},
    translator = {Timothy {John} and Sylvain {Kahane}},
    title = {The Elements of Structural Syntax},
    year = {1965},
    publisher = {John Benjamins B.V.},
    address = {Amsterdam},
    note = {Translation published under a cc-by-nc-nd license in 2015.}
}
@book{tesniere1959,
    author = {Lucien Tesni\`ere},
    language ={French},
    title = {\'Eléments de syntaxe structurale},
    year = {1959},
    publisher = {Klincksieck},
    address = {Paris},
}

@book{matthews1997,
    author = {Peter H. {Matthews}},
    title = {The Concise Oxford Dictionary of Linguistics},
    address = {Oxford},
    publisher = {Oxford University Press},
    year = 1997,
}

@book{trask1993,
    author = {Lawrence {Trask}},
    title = {Dictionary of Grammatical Terms in Linguistics},
    address = {London},
    publisher = {Routledge},
    year = 1993
}

@book{herbst2007,
    editor = {Thomas {Herbst} and Katrin {G\"otz-Votteler}},
    title = {Valency},
    subtitle = {Theoretical, Descriptive and Cognitive Issues},
    year = {2007},
    publisher = {Mouton de Gruyter},
    address = {Berlin},
    series = {Trends in Linguistics}
}

@book{mikkelsen2005,
    author = {Line {Mikkelsen}},
    title = {Copular Clauses},
    subtitle = {Specification, Prediction and Equation},
    year = {2005},
    publisher = {John Benjamins Publishing Company},
    address = {Amsterdam},
    series = {Linguistik aktuell}
}

@book{bennett1907,
    author = {Charles E. {Bennett}},
    title = {New Latin Grammar},
    year = {1907},
    publisher = {Norwood Press},
    address = {Norwood, Mass.}
}

@online{posthummus2006,
    author = {Martin {Posthummus}},
    title = {Language Contact in the Medieval East Baltic},
    year = 2006,
    url = {https://web.archive.org/web/20200513094916/https://www.veche.net/linguistics/baltic_sprachbund},
    urldate = {2020-05-13},
}

@book{naughton2005,
    author = {James {Naughton}},
    title = {Czech: An Essential Grammar},
    year = {2005},
    publisher = {Routledge},
    address = {Oxford}
}

@book{hammond2005,
    author = {Lila {Hammond}},
    title = {Serbian: An Essential Grammar},
    year = {2005},
    publisher = {Routledge},
    address = {Oxford}
}

@book{wiese1996,
    title = {The Phonology of German},
    author = {Richard {Wiese}},
    year = {1996},
    publisher = {Oxford University Press},
    address = {Oxford}
}

@book{booij2005,
    title = {The Grammar of Words},
    subtitle = {An Introduction to Linguistic Typology},
    author = {Geert {Booij}},
    year = {2005},
    publisher = {Oxford University Press},
    address = {Oxford}
}


@book{richardson2007,
    title = {Case and Aspect in Slavic},
    author = {Kylie R. {Richardson}},
    year = {2007},
    publisher = {Oxford University Press},
    address = {Oxford}
}

@book{tomic2004,
    title = {Balkan Syntax and Semantics},
    editor = {Olga Mišeska {Tomi\'c}},
    year = {2004},
    volume = {67},
    series = {Linguistik aktuell},
    publisher = {John Benjamins Publishing Company},
    address = {Amsterdam}
}

@book{perelstvaig,
    title = {Copular Sentences in Russian},
    author = {Asya {Perelstvaig}},
    subtitle = {A Theory of Intra-Clausal Relations},
    year = {2007},
    publisher = {Springer},
    address = {Amsterdam}
}

@book{fox2005,
    title = {The Structure of German},
    author = {Anthony {Fox}},
    year = {2005},
    publisher = {Oxford University Press},
    address = {Oxford}
}

@inproceedings{campos2003,
  author       = {Rebeka {Campos-Astorkiza}},
  title        = {Compensatory Lengthening as Root Number Preservation},
  date         = {2003},
  booktitle    = {Proceedings of CIL17},
  publisher    = {Matfyzpress},
  location     = {Prague}
}

@incollection{kiparsky2010,
    author = {Paul {Kiparsky}},
    title = {Compensatory Lengthening},
    booktitle = {Handbook of the Syllable},
    editor = {Charles E. {Cairns} and Eric {Raimy}},
    publisher = {Brill},
    year = {2010},
    uel = {https://web.stanford.edu/~kiparsky/Papers/newyork.syll.pdf}
}

@incollection{wals-14,
  address   = {Leipzig},
  author    = {Rob Goedemans and Harry van der Hulst},
  booktitle = {The World Atlas of Language Structures Online},
  editor    = {Matthew S. Dryer and Martin Haspelmath},
  publisher = {Max Planck Institute for Evolutionary Anthropology},
  title     = {Fixed Stress Locations},
  url       = {https://wals.info/chapter/14},
  year      = {2013}
}

@inbook{letuchiy,
    author = {Alexander {Letuchiy}},
    year = {2007},
    month = {01},
    pages = {773-811},
    title = {Reciprocal, reflexive, and sociative in Adyghe},
    doi = {10.1075/tsl.71.25let}
}

@book{blokland,
    title = {The Russian loanwords in literary Estonian},
    author = {Rogier {Blokland}},
    year = {2005},
    publisher = {Harassowitz Verlag},
    address = {Groningen},
    series = {Ver\"offentlichungen der Societas Uralo-Altaica},
    volume = {78}
}

@book{fortescue,
    title = {West Greenlandic},
    author = {Michael {Fortescue}},
    year = {1984},
    publisher = {Croom Helm},
    address = {Kent},
    series = {Croom Helm Descriptive Grammars},
}